<?xml version="1.0" encoding="UTF-8"?><collection xmlns="http://www.loc.gov/MARC21/slim"><record><leader>00362nam--2200133-i-4500</leader><controlfield tag="001">000036366</controlfield><controlfield tag="002">20161230</controlfield><controlfield tag="005">20161230201040</controlfield><controlfield tag="008">060222s1000------------r-----000-0-eng-d</controlfield><datafield ind1=" " ind2=" " tag="080"><subfield code="a">681.3.06</subfield></datafield><datafield ind1=" " ind2=" " tag="100"><subfield code="a">Pizzarello, Antonio</subfield></datafield><datafield ind1=" " ind2=" " tag="245"><subfield code="a">Development and maintenance of large software systems</subfield></datafield><datafield ind1=" " ind2=" " tag="260"><subfield code="a">Belmont, Lifetime Learing Publ., 1984, 263p</subfield></datafield><datafield ind1=" " ind2=" " tag="852"><subfield code="a">79404</subfield></datafield></record></collection>